@article{Grivet1993,
annote = {Bloch equations simulation},
author = {Grivet, Jean-Philippe},
doi = {10.1119/1.17309},
journal = {American Journal of Physics},
keywords = {nuclear magnetic resonance; simulation; numerical solution; block equations; magnetization; spin; precession; relaxation time},
number = {12},
pages = {1133--1139},
publisher = {AAPT},
title = {{Simulation of magnetic resonance experiments}},
url = {http://link.aip.org/link/?AJP/61/1133/1},
volume = {61},
year = {1993}
}
