@article{Grivet1993,
  title = {{Simulation of Magnetic Resonance Experiments}},
  author = {Jean-Philippe Grivet},
  year = {1993},
  journal = {American Journal of Physics},
  publisher = {AAPT},
  volume = {61},
  number = {12},
  pages = {1133--1139},
  doi = {10.1119/1.17309},
  url = {http://link.aip.org/link/?AJP/61/1133/1},
  annote = {Bloch equations simulation},
  keywords = {nuclear magnetic resonance; simulation; numerical solution; block equations; magnetization; spin; precession; relaxation time},
}

@phdthesis{Picone2014b,
  title = {{Separative Magnetization Transport: Theory, Model, and Experiment}},
  author = {Rico A. R. Picone},
  year = {2014},
  school = {University of Washington},
  thesistype = {phd},
}

@mastersthesis{Picone2010,
  title = {{Investigating the Effects of Polarizing Diffusion in Magnetic Resonance Force Microscopy}},
  author = {Rico A. R. Picone},
  year = {2010},
  school = {University of Washington},
  thesistype = {msc},
}
