@article{Grivet1993,
  title = {{Simulation of Magnetic Resonance Experiments}},
  author = {Jean-Philippe Grivet},
  year = {1993},
  journal = {American Journal of Physics},
  publisher = {AAPT},
  volume = {61},
  number = {12},
  pages = {1133--1139},
  doi = {10.1119/1.17309},
  url = {http://link.aip.org/link/?AJP/61/1133/1},
  annote = {Bloch equations simulation},
  keywords = {nuclear magnetic resonance; simulation; numerical solution; block equations; magnetization; spin; precession; relaxation time},
}
